<?xml version="1.0" encoding="UTF-8"?><collection xmlns="http://www.loc.gov/MARC21/slim"><record><leader>00522nam--2200193-i-4500</leader><controlfield tag="001">000015084</controlfield><controlfield tag="002">20161230</controlfield><controlfield tag="005">20170204194201</controlfield><controlfield tag="008">060222s1000------------r-----000-0-rum-d</controlfield><datafield ind1=" " ind2=" " tag="040"><subfield code="a">IFIN-HH</subfield></datafield><datafield ind1=" " ind2=" " tag="041"><subfield code="a">rum</subfield></datafield><datafield ind1=" " ind2=" " tag="080"><subfield code="a">535.33</subfield></datafield><datafield ind1="1" ind2=" " tag="100"><subfield code="a">Agarbiceanu, Ion I</subfield></datafield><datafield ind1="1" ind2="0" tag="245"><subfield code="a">Metode optice ale spectroscopiei hertziene</subfield><subfield code="c">Ion I. Agarbiceanu; Ion M. Popescu</subfield></datafield><datafield ind1=" " ind2=" " tag="260"><subfield code="a">Bucuresti</subfield><subfield code="b">Editura Academiei Rsr</subfield><subfield code="c">1970</subfield></datafield><datafield ind1=" " ind2=" " tag="300"><subfield code="a">358 p</subfield></datafield><datafield ind1="1" ind2=" " tag="700"><subfield code="a">Popescu, Ion M</subfield></datafield><datafield ind1=" " ind2=" " tag="852"><subfield code="a">32621</subfield><subfield code="c">535.33</subfield></datafield><datafield ind1=" " ind2=" " tag="CAT"><subfield code="a">SYS</subfield><subfield code="c">20170204</subfield><subfield code="h">194201</subfield></datafield></record></collection>